@Book{hottbook,
  author =    {The {Univalent Foundations Program}},
  title =     {Homotopy Type Theory: Univalent Foundations of Mathematics},
  publisher = {\url{https://homotopytypetheory.org/book}},
  address =   {Institute for Advanced Study},
  year =      2013}
  
@book{tatl,
 author = {Pierce, Benjamin C.},
 title = {Types and Programming Languages},
 year = {2002},
 isbn = {0262162091, 9780262162098},
 edition = {1st},
 publisher = {The MIT Press}
} 

@misc{cchm,
 author = {Cyril Cohen and Thierry Coquand and Simon Huber and Anders MÃ¶rtberg},
 title = {Cubical Type Theory: a constructive interpretation of the univalence axiom},
 archive-prefix = {arXiv},
 eprint = {1611.02108},
 year = {2016}
}

@misc{cartesiancubical1,
  author = {Carlo Angiuli and Guillaume Brunerie and Thierry Coquand and Kuen-Bang Hou (Favonia) and Robert Harper and Daniel R. Licata},
  title = {Syntax and Models of Cartesian Cubical Type Theory},
  year = {2017},
  howpublished = {\url{https://github.com/dlicata335/cart-cube/blob/master/cart-cube.pdf}}
}

@article{cartesiancubical2,
  author = {Carlo Angiuli and Kuen-Bang Hou (Favonia) and Robert Harper},
  title = {Cartesian cubical computa548
tional type theory: Constructive reasoning with paths and equalities},
  journal = {Computer Science Logic},
  year = {2018}
}

@misc{cubicalmodel,
  author = {Marc Bezem and Thierry Coquand and Simon Huber},
  title = {A model of type theory in cubical sets},
  year = {2013},
  note = {Preprint}
}

@misc{cubicalagda,
  author = {Anders Mortberg},
  title = {Cubical Agda},
  howpublished = {\url{https://homotopytypetheory.org/2018/12/06/cubical-agda/}},
  year = {2018}
}